|Emoji|Type|Produit|Magasin|Prix unitÃ©, lb et kg|Prix Maximum|
|:--|:--|:--|:--|:--|:--|
|ğŸŒ|Fruits|Citrons|Adonis|10 pour 4,99 $|Max 0,51 $ ch.|
|ğŸŒ|Fruits|MÃ»res 340 G|Adonis|2,88 $ ch. (3,84 $ /lb, 8,47 $/kg)|Max 5,34 $ /lb|
|ğŸŒ|Fruits|Pommes Royal Gala Ou Rouges DÃ©licieuses|Adonis|0,99 $ ch. (0,99 $ /lb, 2,18 $/kg)|Max 1,10 $ /lb|
|ğŸŒ|Fruits|Oranges Navel Sans PÃ©pins (8 lb)|IGA|4,99 $ ch. (0,63 $ /lb, 1,39 $/kg)|Max 1,01 $ /lb|
|ğŸ„|Laitier|Beurre Compliments Sans Carte ScÃ¨ne+ 5.99 (454 g), Limite De 4|IGA|3,99 $ ch. (3,99 $ /lb, 8,80 $/kg)|Max 5,00 $ ch. ET Max 5,00 $ /lb|
|ğŸ¥•ğŸ¥«|LÃ©gumes|LÃ©gumes GÃ©ant Vert, Sans Carte ScÃ¨ne+ 1.25, Limite De 24 Par Client (398 mL)|IGA|0,88 $ chacun|Max 1,00 $ ch.|
|ğŸ¥•ğŸ¥«|LÃ©gumes|PÃ¢te De Tomates Hunt'S, Sans Carte ScÃ¨ne+ 1.25, Limite De 24 Par Client (156 mL)|IGA|0,88 $ chacun|Max 1,10 $ ch.|
|ğŸ¥•ğŸ¥«|LÃ©gumes|Pois Tendres Le Sieur, Sans Carte ScÃ¨ne+ 1.25, Limite De 24 Par Client (398 mL), Limite De 24|IGA|0,88 $ chacun|Max 1,00 $ ch.|
|ğŸ¥•|LÃ©gumes|Pommes De Terre Russet Compliments (4,54 kg)|IGA|1,97 $ ch. (0,20 $ /lb, 0,44 $/kg)|Max 0,34 $ /lb|
|ğŸ–|Viande|CÃ´telettes De Longe De Porc Frais Avec Os|IGA|2,49 $ /lb (5,49 $/kg)|Max 2,51 $ /lb|
|ğŸŸğŸ¥«|Viande|Thon PÃ¢le AromatisÃ© Clover Leaf, Sans Carte ScÃ¨ne+ 1.25, Limite De 24 Par Client (170 g)|IGA|0,88 $ ch. (2,35 $ /lb, 5,18 $/kg)|Max 1,10 $ ch.|
|ğŸŒ|Fruits|Oranges Navel Sans PÃ©pins (3 lb)|MarchÃ© Richelieu|2,88 $ ch. (0,96 $ /lb, 2,12 $/kg)|Max 1,01 $ /lb|
|ğŸ–|Viande|Filets De Porc Frais|MarchÃ© Richelieu|3,88 $ /lb (8,55 $/kg)|Max 4,01 $ /lb|
|ğŸŒ|Fruits|ClÃ©mentines, 5 Lb|Maxi|5,99 $ ch. (1,20 $ /lb, 2,65 $/kg)|Max 1,50 $ /lb|
|ğŸŒ|Fruits|MÃ»res, 170 G|Maxi|1,77 $ ch. (4,72 $ /lb, 10,41 $/kg)|Max 5,34 $ /lb|
|ğŸ„|Laitier|Fromage En Emballage Double Saputo, 252-600 G|Maxi|6,50 $ ch. (4,91 $ /lb, 10,82 $/kg)|Max 5,00 $ /lb|
|ğŸ…|LÃ©gumes|Tomates Sur Vigne|Maxi|0,99 $ /lb (2,18 $/kg)|Max 1,10 $ /lb|
|ğŸ¥©|Viande|Boeuf HachÃ© Maigre, 908 G, Limite De 4, 13$ AprÃ¨s Limite|Maxi|10,00 $ ch. (5,00 $ /lb, 11,02 $/kg)|Max 5,01 $ /lb|
|ğŸŸ|Viande|Filet De Truite Steelhead, SurgelÃ©|Maxi|9,88 $ /lb (21,78 $/kg)|Max 10,00 $ /lb|
|ğŸ–|Viande|Jambon Style Toupie (700g)|Maxi|7,88 $ ch. (5,11 $ /lb, 11,27 $/kg)|Max 5,20 $ /lb|
|ğŸ”|Viande|Poulet Entier|Maxi|1,99 $ /lb (4,39 $/kg)|Max 2,01 $ /lb|
|ğŸŒ|Fruits|Bleuets Ou Mures Du Mexique|Metro|2,98 $ ch. (3,98 $ /lb, 8,77 $/kg)|Max 3,00 $ ch. ET Max 5,32 $ /lb|
|ğŸ¥•|LÃ©gumes|Petites Pommes De Terre Russet, Rouges Ou Ã€ Chair Jaune (3 lb)|Metro|0,99 $ ch. (0,33 $ /lb, 0,73 $/kg)|Max 0,34 $ /lb|
|ğŸ¥©|Viande|Boeuf HachÃ© Maigre|Metro|4,99 $ /lb (11,00 $/kg)|Max 5,01 $ /lb|
|ğŸ–|Viande|Filets De Porc Frais|Metro|3,99 $ /lb (8,80 $/kg)|Max 4,01 $ /lb|
|ğŸŸ|Viande|Filets De Saumon Atlantique Frais|Metro|8,99 $ /lb (19,82 $/kg)|Max 9,01 $ /lb|
|ğŸŒ|Fruits|Blackberries, 170 G|Provigo|2,00 $ ch. (5,34 $ /lb, 11,77 $/kg)|Max 5,34 $ /lb|
|ğŸ¥•|LÃ©gumes|Pommes De Terre Russet, Sac De 10 Lb (sac de 10)|Provigo|2,00 $ ch. (0,20 $ /lb, 0,44 $/kg)|Max 0,34 $ /lb|
|ğŸ–|Viande|CÃ´telettes De Longe De Porc, Combinaison De Coupes, Portions Centre Et Bout De CÃ´tes Avec Os|Provigo|2,50 $ ch. (2,50 $ /lb, 5,51 $/kg)|Max 2,51 $ /lb|
|ğŸ”|Viande|Poitrines De Poulet DÃ©sossÃ©s|Provigo|5,44 $ ch. (5,44 $ /lb, 11,99 $/kg)|Max 5,46 $ /lb|
|ğŸŒ|Fruits|Ananas Tropical Gold (gr 8)|Super C|1,99 $ chacun|Max 3,01 $ ch.|
|ğŸŒ|Fruits|Clementines (3 lb)|Super C|3,33 $ ch. (1,11 $ /lb, 2,45 $/kg)|Max 1,50 $ /lb|
|ğŸ¥•|LÃ©gumes|Carottes Ou Oignons Jaunes (10 lb)|Super C|3,99 $ ch. (0,40 $ /lb, 0,88 $/kg)|Max 0,51 $ /lb|
|ğŸ¥•|LÃ©gumes|Huile D'Olive Extra Vierge Gallo|Super C|7,77 $ chacun|Max 9,00 $ ch.|
|ğŸ–|Viande|Jambon FumÃ© Au Noyer Sugardale|Super C|2,99 $ /lb (6,59 $/kg)|Max 3,50 $ /lb|
|ğŸŸğŸ¥«|Viande|Saumon Rose Clover Leaf|Super C|4,99 $ ch. (5,41 $ /lb, 11,93 $/kg)|Max 5,00 $ ch. ET Max 5,42 $ /lb|
|ğŸŒ|Fruits|Oranges (3lb)|Supermarche PA|2,99 $ ch. (1,00 $ /lb, 2,20 $/kg)|Max 1,01 $ /lb|
|ğŸ¥•|LÃ©gumes|Avocats (sac de 5)|Supermarche PA|2,99 $ chacun|Max 3,01 $ ch.|
|ğŸ¥•|LÃ©gumes|Carottes (2lb)|Supermarche PA|0,69 $ ch. (0,35 $ /lb, 0,77 $/kg)|Max 0,51 $ /lb|
|ğŸ¥•|LÃ©gumes|Couronnes De Brocoli|Supermarche PA|1,49 $ /lb (3,28 $/kg)|Max 1,50 $ ch.|
|ğŸ¥•|LÃ©gumes|Huile D'Olive Extra Vierge Hermes (1l)|Supermarche PA|6,99 $ chacun|Max 9,00 $ ch.|
|ğŸ¥•|LÃ©gumes|Sac D'Avocats Jeudi Et Vendredi Seulement (sac de 5)|Supermarche PA|1,99 $ chacun|Max 3,01 $ ch.|
|ğŸ–|Viande|CÃ´telettes De Longe De Porc Frais DÃ©sossÃ©es|Supermarche PA|2,99 $ /lb (6,59 $/kg)|Max 3,00 $ /lb|
|ğŸ–|Viande|Filet De Porc Frais|Supermarche PA|2,99 $ /lb (6,59 $/kg)|Max 4,01 $ /lb|
|ğŸŸ|Viande|Filets De Pangasius DÃ©gelÃ©s|Supermarche PA|3,49 $ /lb (7,69 $/kg)|Max 4,55 $ /lbâ€‹|
